<record><leader>00000cas a2200000 a 4500</leader><controlfield tag="001">6189066</controlfield><controlfield tag="008">800410d19701974mtuex ne      0   a0eng c</controlfield><datafield ind1=" " ind2=" " tag="010"><subfield code="a">sn 86091382 </subfield></datafield><datafield ind1=" " ind2=" " tag="040"><subfield code="a">GZN</subfield><subfield code="b">eng</subfield><subfield code="c">GZN</subfield><subfield code="d">UNP</subfield><subfield code="d">DLC</subfield><subfield code="d">ANU</subfield><subfield code="d">DLC</subfield><subfield code="d">ANU</subfield><subfield code="d">NYS</subfield><subfield code="d">MTL</subfield><subfield code="d">IUL</subfield><subfield code="d">OCLCQ</subfield><subfield code="d">OCLCF</subfield><subfield code="d">OCLCO</subfield></datafield><datafield ind1=" " ind2=" " tag="019"><subfield code="a">42349976</subfield></datafield><datafield ind1="1" ind2=" " tag="029"><subfield code="a">AU@</subfield><subfield code="b">000023190180</subfield></datafield><datafield ind1=" " ind2=" " tag="042"><subfield code="a">pcc</subfield></datafield><datafield ind1=" " ind2=" " tag="043"><subfield code="a">n-us-mt</subfield></datafield><datafield ind1=" " ind2="4" tag="050"><subfield code="a">E75</subfield><subfield code="b">.W67x</subfield></datafield><datafield ind1="0" ind2="4" tag="082"><subfield code="a">978.600497</subfield><subfield code="2">20</subfield></datafield><datafield ind1="0" ind2="0" tag="245"><subfield code="a">Wotanin.</subfield></datafield><datafield ind1="3" ind2="0" tag="246"><subfield code="a">Wotanin tribal newspaper</subfield><subfield code="f">&lt;Jan. 4-May 17, 1971&gt;</subfield></datafield><datafield ind1="3" ind2="0" tag="246"><subfield code="a">Wotanin Fort Peck tribal newspaper</subfield><subfield code="f">&lt;May 31, 1971-Dec. 12, 1972&gt;</subfield></datafield><datafield ind1=" " ind2=" " tag="260"><subfield code="a">Poplar, Mont. :</subfield><subfield code="b">Fort Peck Tribal Executive Board</subfield></datafield><datafield ind1=" " ind2=" " tag="300"><subfield code="a">v. :</subfield><subfield code="b">ill. ;</subfield><subfield code="c">36 cm.</subfield></datafield><datafield ind1=" " ind2=" " tag="310"><subfield code="a">Biweekly (irregular)</subfield></datafield><datafield ind1="0" ind2=" " tag="362"><subfield code="a">Vol. 1, no. 1 (Mar. 16/19,1970)-</subfield></datafield><datafield ind1="1" ind2=" " tag="362"><subfield code="a">Ceased in 1974?</subfield></datafield><datafield ind1=" " ind2=" " tag="530"><subfield code="a">Also issued on microfiche from the Clearwater Pub. Co.</subfield></datafield><datafield ind1=" " ind2=" " tag="550"><subfield code="a">Official publication of: Fort Peck Reservation.</subfield></datafield><datafield ind1=" " ind2=" " tag="580"><subfield code="a">Continues: Eyapi Oyae (non-extant).</subfield></datafield><datafield ind1=" " ind2=" " tag="588"><subfield code="a">Latest issue consulted: Vol. 5, no. 2 (Feb. 1, 1974).</subfield></datafield><datafield ind1=" " ind2="0" tag="650"><subfield code="a">Indians of North America</subfield><subfield code="z">Montana</subfield><subfield code="v">Newspapers.</subfield></datafield><datafield ind1=" " ind2="0" tag="650"><subfield code="a">Assiniboine Indians</subfield><subfield code="v">Newspapers.</subfield></datafield><datafield ind1=" " ind2="0" tag="650"><subfield code="a">Siouan Indians</subfield><subfield code="v">Newspapers.</subfield></datafield><datafield ind1=" " ind2="0" tag="651"><subfield code="a">Poplar (Mont.)</subfield><subfield code="v">Newspapers.</subfield></datafield><datafield ind1=" " ind2="0" tag="651"><subfield code="a">Roosevelt County (Mont.)</subfield><subfield code="v">Newspapers.</subfield></datafield><datafield ind1=" " ind2="7" tag="655"><subfield code="a">Newspapers.</subfield><subfield code="2">fast</subfield><subfield code="0">(OCoLC)fst01423814</subfield></datafield><datafield ind1=" " ind2="7" tag="650"><subfield code="a">Assiniboine Indians.</subfield><subfield code="2">fast</subfield><subfield code="0">(OCoLC)fst00819101</subfield></datafield><datafield ind1=" " ind2="7" tag="650"><subfield code="a">Indians of North America.</subfield><subfield code="2">fast</subfield><subfield code="0">(OCoLC)fst00969633</subfield></datafield><datafield ind1=" " ind2="7" tag="650"><subfield code="a">Siouan Indians.</subfield><subfield code="2">fast</subfield><subfield code="0">(OCoLC)fst01119649</subfield></datafield><datafield ind1=" " ind2="7" tag="651"><subfield code="a">Montana.</subfield><subfield code="2">fast</subfield><subfield code="0">(OCoLC)fst01207555</subfield></datafield><datafield ind1=" " ind2="7" tag="651"><subfield code="a">Montana</subfield><subfield code="z">Poplar.</subfield><subfield code="2">fast</subfield><subfield code="0">(OCoLC)fst01220462</subfield></datafield><datafield ind1=" " ind2="7" tag="651"><subfield code="a">Montana</subfield><subfield code="z">Roosevelt County.</subfield><subfield code="2">fast</subfield><subfield code="0">(OCoLC)fst01223261</subfield></datafield><datafield ind1="2" ind2=" " tag="710"><subfield code="a">Fort Peck Indian Reservation (Mont.)</subfield></datafield><datafield ind1=" " ind2=" " tag="752"><subfield code="a">United States</subfield><subfield code="b">Montana</subfield><subfield code="c">Roosevelt</subfield><subfield code="d">Poplar.</subfield></datafield><datafield ind1="1" ind2="0" tag="780"><subfield code="t">Eyapi Oaye</subfield></datafield><datafield ind1="0" ind2="0" tag="785"><subfield code="t">Wotanin wowapi</subfield><subfield code="w">(DLC)sn 93050503</subfield><subfield code="w">(OCoLC)6189057</subfield></datafield></record>